@inproceedings{graphemb,
  title={Premise Selection for Theorem Proving by Deep Graph Embedding},
  author={Wang, Mingzhe and Tang, Yihe and Wang, Jian and Deng, Jia},
  booktitle={Proc. of NIPS},
  year={2017}
}

@inproceedings{neuralAMR,
  title={{Neural AMR: Sequence-to-Sequence Models for Parsing and Generation}},
  author={Konstas, Ioannis and Iyer, Srinivasan and Yatskar, Mark and Choi, Yejin and Zettlemoyer, Luke},
  booktitle={Proc. of ACL},
  year={2017}
}

@InProceedings{ccg,
 author    = {Steedman, Mark},
 title     = {{Surface Structure and Interpretation}},
 booktitle = {The MIT Press},
 year      = {1996},
}

@InProceedings{ccg2lambda,
 author    = {Pascual Mart\'{i}nez-G\'{o}mez and Koji Mineshima and Yusuke Miyao and Daisuke Bekki},
 title     = {{ccg2lambda: A Compositional Semantics System}},
 booktitle = {Proc. of ACL System Demonstrations},
 year      = {2016}
}

@inproceedings{seq2seq,
  title={{Sequence to Sequence Learning with Neural Networks}},
  author={Sutskever, Ilya and Vinyals, Oriol and Le, Quoc V},
  booktitle={Proc. of NIPS},
  year={2014}
}

@inproceedings{snli:emnlp2015,
	Author = {Bowman, Samuel R. and Angeli, Gabor and Potts, Christopher and Manning, Christopher D.},
	Booktitle = {Proc. of EMNLP},
	Title = {{A large annotated corpus for learning natural language inference}},
	Year = {2015}
}

@inproceedings{bleu,
  title={{BLEU: a Method for Automatic Evaluation of Machine Translation}},
  author={Papineni, Kishore and Roukos, Salim and Ward, Todd and Zhu, Wei-Jing},
  booktitle={Proc. of ACL},
  year={2002}
}

@book{bekkiCCG,
author={Bekki, Daisuke},
title={A Formal Theory of Japanese Grammar: The Conjugation System, Syntactic Structures, and Semantic Composition},
publisher={Kuroshio},
note={(In Japanese)},
year={2010}
}
@inproceedings{Abzianidze2015,
  author    = {Lasha Abzianidze},
  title     = {{A Tableau Prover for Natural Logic and Language}},
  booktitle = {Proc. of EMNLP},
  year      = {2015}
}

@inproceedings{yanaka2017determining,
  title={{Determining Semantic Textual Similarity using Natural Deduction Proofs}},
  author={Yanaka, Hitomi and Mineshima, Koji and Mart{\'\i}nez-G{\'o}mez, Pascual and Bekki, Daisuke},
  booktitle={Proc. of EMNLP},
  year={2017}
}
